 @article{Kozomara2007,
   abstract = { PurposeThe aim of this study was to analyze the prognostic impact of mutated TP53 in patients with oral squamous cell carcinoma (OSCC) whose tumors were infected with human papillomavirus (HPV).MethodsThirty-two HPV-positive OSCC patients were included. Most of them were clinically classified as stage III (n=29). All patients underwent postoperative radiotherapy (follow-up from 12 to 60 months, median 32). There were 21 relapses. DNA was isolated by phenol extraction from tumor tissue. HPV DNA (type 16, 18, 31, 33) was detected in genomic DNA of the tumors by the PCR-PAGE method. TP53 mutations (exons 4–8) were detected by the PCR-SSCP method.ResultsA statistically significant difference in the number of relapses in HPV-infected (13/21) versus HPV-infected and TP53-mutated (8/8) patients was observed. Patients with both TP53 mutation and HPV infection had a significantly shorter disease-free interval than patients with HPV infection only (median 6 versus 31 months, respectively).ConclusionsTP53 mutations are associated with a higher risk of relapse and contribute to an even worse prognosis of patients with OSCC when the tumors are HPV infected. The shorter disease-free interval in patients with TP53 mutations indicates that the response to postoperative radiotherapy may be influenced by TP53 status. The presence of both HPV infection and TP53 mutations may define a particular group of tumors with a more aggressive phenotype in advanced OSCC. },
   author = {R J Kozomara and M V Brankovic-Magic and N R Jovic and S M Stosic and Z M Magic},
   doi = {10.1177/172460080702200403},
   issue = {4},
   journal = {The International Journal of Biological Markers},
   note = {PMID: 18161655},
   pages = {252-257},
   title = {Prognostic Significance of TP53 Mutations in Oral Squamous Cell Carcinoma with Human Papilloma virus Infection},
   volume = {22},
   url = {https://doi.org/10.1177/172460080702200403},
   year = {2007},
}

@article{Ljubojevic2014,
   abstract = {Nearly 200 distinct human papilloma viruses (HPVs) have now been recognized, and each is associated with a specific set of clinical lesions. They are associated with a spectrum of diseases, from benign verrucae vulgares and condylomata acuminata to the malignancies of the cervix, vulva, anus, and penis. Disease associated with HPV can be divided into skin and mucosal lesion of the genital and extragenital regions. The relationship between HPV and nonmelanoma skin cancer (NMSC) is important clinically, because NMSC is the most common form of malignancy among fair-skinned populations. HPVs have also been detected in skin tags, lichen sclerosus, seborrheic keratoses, actinic keratoses, epidermal cysts, psoriatic plaques, and plucked hairs, but cutaneous HPV can be found on healthy skin.},
   author = {Suzana Ljubojevic and Mihael Skerlev},
   doi = {https://doi.org/10.1016/j.clindermatol.2013.08.007},
   issn = {0738-081X},
   issue = {2},
   journal = {Clinics in Dermatology},
   note = {Update on Sexually Transmitted Infections},
   pages = {227-234},
   title = {HPV-associated diseases},
   volume = {32},
   url = {https://www.sciencedirect.com/science/article/pii/S0738081X13001570},
   year = {2014},
}

@misc{papiloma,
   abstract = {Página 2 de 8 https://www.cancer.gov/espanol/cancer/causas-prevencion/riesgo/germenes-infecciosos/vph-y-cancer con el VPH y casos de verrugas genitales. ¿Qué tipos de cáncer causa la infección por el VPH? Las infecciones por el VPH de riesgo alto que duran mucho tiempo a veces causan cáncer en las partes del cuerpo en que el VPH infecta las células. Por ejemplo, en el cuello uterino, la orofaringe (parte de la garganta detrás de la cavidad oral que incluye el tercio posterior de la lengua, el paladar blando, las paredes laterales y posteriores de la garganta, y las amígdalas), el ano, el pene, la vagina y la vulva. El VPH infecta las células escamosas que revisten las superficies internas de estos órganos. La mayoría de los cánceres relacionados con el VPH son un tipo de cáncer llamado carcinoma de células escamosas. Algunos cánceres de cuello uterino surgen de la infección por el VPH en las células glandulares del cuello uterino. Estos se llaman adenocarcinomas. Los cánceres relacionados con el VPH son los siguientes: Cáncer de cuello uterino: el VPH causa casi todos los cánceres de cuello uterino. Los exámenes de detección habituales previenen la mayoría de los cánceres de cuello uterino porque permiten a los médicos encontrar y extirpar las células precancerosas antes de que se vuelvan cancerosas. Por este motivo, las tasas de incidencia de cáncer de cuello uterino están en disminución en los Estados Unidos. Cánceres de orofaringe: la mayoría de estos cánceres que surgen en la garganta (por lo general, en las amígdalas o en la parte de atrás de la lengua) son a causa del VPH (el 70 % de los casos en los Estados Unidos). El número de casos nuevos de cánceres de orofaringe aumenta cada año y ahora son el tipo de cáncer relacionado con el VPH más frecuente en los Estados Unidos. Cáncer de ano: el VPH es la causa de más del 90 % de los cánceres de ano. Cada año aumenta el número de casos nuevos y de muertes por cáncer de ano. El cáncer de ano es casi dos veces más común en las mujeres que en los hombres. Cáncer de pene: el VPH es la causa de la mayoría de los cánceres de pene (más del 60 %). Para obtener más información sobre la importancia del tratamiento de este tipo de cáncer poco común, consulte Tratamiento del cáncer de pene (PDQ®). Cáncer de vagina: el VPH causa la mayoría de los cánceres de vagina (75 %). Para obtener más información sobre los síntomas y el tratamiento de este tipo de cáncer poco común, consulte Tratamiento del cáncer de vagina (PDQ®). Cáncer de vulva: el VPH causa la mayoría de los cánceres de vulva (70 %). En los Estados Unidos, los VPH de riesgo alto causan el 3 % de todos los cánceres en las mujeres y el 2 % de todos los cánceres en los hombres. Según los Centros para el Control y la Prevención de Enfermedades (CDC), hay cerca de 45 000 casos nuevos de cáncer en partes del cuerpo donde el VPH se encuentra con frecuencia, y se calcula que alrededor de 36 000 de estos casos al año se deben al VPH. En todo el mundo, la carga de los cánceres relacionados con el VPH es mucho mayor. Los VPH de riesgo • • • • • •},
   author = {Instituto Nacional del Cáncer},
   journal = {2016},
   title = {El virus del papiloma humano (VPH) y el cáncer - Instituto Nacional del Cáncer},
   year = {2021},
}
